@article{cardwell2016bbr,
  title={BBR: Congestion-Based Congestion Control},
  author={Cardwell, Neal and Cheng, Yuchung and Gunn, C Stephen and Yeganeh, Soheil Hassas and Jacobson, Van},
  journal={Queue},
  volume={14},
  number={5},
  pages={50},
  year={2016},
  publisher={ACM}
}

@inproceedings{kleinrock1979power,
  title={Power and deterministic rules of thumb for probabilistic problems in computer communications},
  author={Kleinrock, Leonard},
  booktitle={Proceedings of the International Conference on Communications},
  volume={43},
  pages={1--43},
  year={1979}
}

@article{jaffe1981flow,
  title={Flow control power is nondecentralizable},
  author={Jaffe, Jeffrey},
  journal={IEEE Transactions on Communications},
  volume={29},
  number={9},
  pages={1301--1306},
  year={1981},
  publisher={IEEE}
}
